@article{PhysRevD.94.083504,
  title = {Primordial black holes as dark matter},
  author = {Carr, Bernard and K\"uhnel, Florian and Sandstad, Marit},
  journal = {Phys. Rev. D},
  volume = {94},
  issue = {8},
  pages = {083504},
  numpages = {28},
  year = {2016},
  month = {Oct},
  publisher = {American Physical Society},
  doi = {10.1103/PhysRevD.94.083504},
  url = {https://link.aps.org/doi/10.1103/PhysRevD.94.083504}
}


@ARTICLE{1933AcHPh...6..110Z,
   author = {{Zwicky}, F.},
    title = "{Die Rotverschiebung von extragalaktischen Nebeln}",
  journal = {Helvetica Physica Acta},
     year = 1933,
   volume = 6,
    pages = {110-127},
   adsurl = {http://adsabs.harvard.edu/abs/1933AcHPh...6..110Z},
  adsnote = {Provided by the SAO/NASA Astrophysics Data System}
}

@ARTICLE{2017Natur.552...63D,
   author = {{DAMPE Collaboration} and {Ambrosi}, G. and {An}, Q. and {Asfandiyarov}, R. and 
	{Azzarello}, P. and {Bernardini}, P. and {Bertucci}, B. and 
	{Cai}, M.~S. and {Chang}, J. and {Chen}, D.~Y. and {Chen}, H.~F. and 
	{Chen}, J.~L. and {Chen}, W. and {Cui}, M.~Y. and {Cui}, T.~S. and 
	{D'Amone}, A. and {de Benedittis}, A. and {De Mitri}, I. and 
	{di Santo}, M. and {Dong}, J.~N. and {Dong}, T.~K. and {Dong}, Y.~F. and 
	{Dong}, Z.~X. and {Donvito}, G. and {Droz}, D. and {Duan}, K.~K. and 
	{Duan}, J.~L. and {Duranti}, M. and {D'Urso}, D. and {Fan}, R.~R. and 
	{Fan}, Y.~Z. and {Fang}, F. and {Feng}, C.~Q. and {Feng}, L. and 
	{Fusco}, P. and {Gallo}, V. and {Gan}, F.~J. and {Gao}, M. and 
	{Gao}, S.~S. and {Gargano}, F. and {Garrappa}, S. and {Gong}, K. and 
	{Gong}, Y.~Z. and {Guo}, D.~Y. and {Guo}, J.~H. and {Hu}, Y.~M. and 
	{Huang}, G.~S. and {Huang}, Y.~Y. and {Ionica}, M. and {Jiang}, D. and 
	{Jiang}, W. and {Jin}, X. and {Kong}, J. and {Lei}, S.~J. and 
	{Li}, S. and {Li}, X. and {Li}, W.~L. and {Li}, Y. and {Liang}, Y.~F. and 
	{Liang}, Y.~M. and {Liao}, N.~H. and {Liu}, H. and {Liu}, J. and 
	{Liu}, S.~B. and {Liu}, W.~Q. and {Liu}, Y. and {Loparco}, F. and 
	{Ma}, M. and {Ma}, P.~X. and {Ma}, S.~Y. and {Ma}, T. and {Ma}, X.~Q. and 
	{Ma}, X.~Y. and {Marsella}, G. and {Mazziotta}, M.~N. and {Mo}, D. and 
	{Niu}, X.~Y. and {Peng}, X.~Y. and {Peng}, W.~X. and {Qiao}, R. and 
	{Rao}, J.~N. and {Salinas}, M.~M. and {Shang}, G.~Z. and {H.~Shen}, W. and 
	{Shen}, Z.~Q. and {Shen}, Z.~T. and {Song}, J.~X. and {Su}, H. and 
	{Su}, M. and {Sun}, Z.~Y. and {Surdo}, A. and {Teng}, X.~J. and 
	{Tian}, X.~B. and {Tykhonov}, A. and {Vagelli}, V. and {Vitillo}, S. and 
	{Wang}, C. and {Wang}, H. and {Wang}, H.~Y. and {Wang}, J.~Z. and 
	{Wang}, L.~G. and {Wang}, Q. and {Wang}, S. and {Wang}, X.~H. and 
	{Wang}, X.~L. and {Wang}, Y.~F. and {Wang}, Y.~P. and {Wang}, Y.~Z. and 
	{Wen}, S.~C. and {Wang}, Z.~M. and {Wei}, D.~M. and {Wei}, J.~J. and 
	{Wei}, Y.~F. and {Wu}, D. and {Wu}, J. and {Wu}, L.~B. and {Wu}, S.~S. and 
	{Wu}, X. and {Xi}, K. and {Xia}, Z.~Q. and {Xin}, Y.~L. and 
	{Xu}, H.~T. and {Xu}, Z.~L. and {Xu}, Z.~Z. and {Xue}, G.~F. and 
	{Yang}, H.~B. and {Yang}, P. and {Yang}, Y.~Q. and {Yang}, Z.~L. and 
	{Yao}, H.~J. and {Yu}, Y.~H. and {Yuan}, Q. and {Yue}, C. and 
	{Zang}, J.~J. and {Zhang}, C. and {Zhang}, D.~L. and {Zhang}, F. and 
	{Zhang}, J.~B. and {Zhang}, J.~Y. and {Zhang}, J.~Z. and {Zhang}, L. and 
	{Zhang}, P.~F. and {Zhang}, S.~X. and {Zhang}, W.~Z. and {Zhang}, Y. and 
	{Zhang}, Y.~J. and {Zhang}, Y.~Q. and {Zhang}, Y.~L. and {Zhang}, Y.~P. and 
	{Zhang}, Z. and {Zhang}, Z.~Y. and {Zhao}, H. and {Zhao}, H.~Y. and 
	{Zhao}, X.~F. and {Zhou}, C.~Y. and {Zhou}, Y. and {Zhu}, X. and 
	{Zhu}, Y. and {Zimmer}, S.},
    title = "{Direct detection of a break in the teraelectronvolt cosmic-ray spectrum of electrons and positrons}",
  journal = {\nat},
archivePrefix = "arXiv",
   eprint = {1711.10981},
 primaryClass = "astro-ph.HE",
     year = 2017,
    month = dec,
   volume = 552,
    pages = {63-66},
      doi = {10.1038\nature24475},
   adsurl = {http://adsabs.harvard.edu/abs/2017Natur.552...63D},
  adsnote = {Provided by the SAO/NASA Astrophysics Data System}
}

@ARTICLE{2016PhRvD..94h3504C,
   author = {{Carr}, B. and {K{\"u}hnel}, F. and {Sandstad}, M.},
    title = "{Primordial black holes as dark matter}",
  journal = {\prd},
archivePrefix = "arXiv",
   eprint = {1607.06077},
     year = 2016,
    month = oct,
   volume = 94,
   number = 8,
      eid = {083504},
    pages = {083504},
      doi = {10.1103/PhysRevD.94.083504},
   adsurl = {http://adsabs.harvard.edu/abs/2016PhRvD..94h3504C},
  adsnote = {Provided by the SAO/NASA Astrophysics Data System}
}

@ARTICLE{2017ApJ...836L..18M,
   author = {{Mediavilla}, E. and {Jim{\'e}nez-Vicente}, J. and {Mu{\~n}oz}, J.~A. and 
	{Vives-Arias}, H. and {Calder{\'o}n-Infante}, J.},
    title = "{Limits on the Mass and Abundance of Primordial Black Holes from Quasar Gravitational Microlensing}",
  journal = {\apjl},
archivePrefix = "arXiv",
   eprint = {1702.00947},
 keywords = {black hole physics, gravitational lensing: micro},
     year = 2017,
    month = feb,
   volume = 836,
      eid = {L18},
    pages = {L18},
      doi = {10.3847/2041-8213/aa5dab},
   adsurl = {http://adsabs.harvard.edu/abs/2017ApJ...836L..18M},
  adsnote = {Provided by the SAO/NASA Astrophysics Data System}
}


@ARTICLE{2017arXiv171004694G,
   author = {{Garc{\'{\i}}a-Bellido}, J. and {Clesse}, S.},
    title = "{Constraints from microlensing experiments on clustered primordial black holes}",
  journal = {ArXiv e-prints},
archivePrefix = "arXiv",
   eprint = {1710.04694},
 keywords = {Astrophysics - Cosmology and Nongalactic Astrophysics, Astrophysics - Astrophysics of Galaxies, General Relativity and Quantum Cosmology, High Energy Physics - Theory},
     year = 2017,
    month = oct,
   adsurl = {http://adsabs.harvard.edu/abs/2017arXiv171004694G},
  adsnote = {Provided by the SAO/NASA Astrophysics Data System}
}

@BOOK{schn:cosmo,
   author = {{Schneider}, P.},
    title = "{Extragalactic Astronomy and Cosmology: An Introduction}",
 keywords = {Physics},
booktitle = {Extragalactic Astronomy and Cosmology: An Introduction, ISBN 978-3-642-54082-0.~Springer-Verlag Berlin Heidelberg, 2015},
     year = 2015,
      doi = {10.1007/978-3-642-54083-7},
   adsurl = {http://adsabs.harvard.edu/abs/2015eaci.book.....S},
  adsnote = {Provided by the SAO/NASA Astrophysics Data System}
}

@PROCEEDINGS{schn:lens,
    title = "{Gravitational Lensing: Strong, Weak and Micro}",
 keywords = {Gravitational Lensing, Microlensing, Cosmology},
booktitle = {Saas-Fee Advanced Course 33: Gravitational Lensing: Strong, Weak and Micro},
     year = 2006,
   eprint = {astro-ph/0407232},
   editor = {{Meylan}, G. and {Jetzer}, P. and {North}, P. and {Schneider}, P. and 
	{Kochanek}, C.~S. and {Wambsganss}, J.},
   adsurl = {http://adsabs.harvard.edu/abs/2006glsw.conf.....M},
  adsnote = {Provided by the SAO/NASA Astrophysics Data System}
}

@BOOK{med:irs,
   author = {{Mediavilla}, E. and {Mu{\~n}oz}, J.~A. and {Garz{\'o}n}, F. and 
	{Mahoney}, T.~J.},
    title = "{Astrophysical Applications of Gravitational Lensing}",
booktitle = {Astrophysical Applications of Gravitational Lensing, by Evencio Mediavilla, Jose A.~Mu{\~n}oz, Francisco Garz{\'o}n, Terence J.~Mahoney, Cambridge, UK: Cambridge University Press, 2016},
     year = 2016,
    month = oct,
   adsurl = {http://adsabs.harvard.edu/abs/2016aagl.book.....M},
  adsnote = {Provided by the SAO/NASA Astrophysics Data System}
}

@ARTICLE{1979Natur.282..561C,
   author = {{Chang}, K. and {Refsdal}, S.},
    title = "{Flux variations of QSO 0957+561 A, B and image splitting by stars near the light path}",
  journal = {\nat},
 keywords = {Binary Stars, Gravitational Lenses, Optical Paths, Quasars, Radiant Flux Density, Point Sources, Star Distribution},
     year = 1979,
    month = dec,
   volume = 282,
    pages = {561-564},
      doi = {10.1038/282561a0},
   adsurl = {http://adsabs.harvard.edu/abs/1979Natur.282..561C},
  adsnote = {Provided by the SAO/NASA Astrophysics Data System}
}

@ARTICLE{2011ApJ...741...42M,
   author = {{Mediavilla}, E. and {Mediavilla}, T. and {Mu{\~n}oz}, J.~A. and 
	{Ariza}, O. and {Lopez}, P. and {Gonzalez-Morcillo}, C. and 
	{Jimenez-Vicente}, J.},
    title = "{New Developments on Inverse Polygon Mapping to Calculate Gravitational Lensing Magnification Maps: Optimized Computations}",
  journal = {\apj},
 keywords = {gravitational lensing: micro},
     year = 2011,
    month = nov,
   volume = 741,
      eid = {42},
    pages = {42},
      doi = {10.1088/0004-637X/741/1/42},
   adsurl = {http://adsabs.harvard.edu/abs/2011ApJ...741...42M},
  adsnote = {Provided by the SAO/NASA Astrophysics Data System}
}

@ARTICLE{2006ApJ...653..942M,
   author = {{Mediavilla}, E. and {Mu{\~n}oz}, J.~A. and {Lopez}, P. and 
	{Mediavilla}, T. and {Abajas}, C. and {Gonzalez-Morcillo}, C. and 
	{Gil-Merino}, R.},
    title = "{A Fast and Very Accurate Approach to the Computation of Microlensing Magnification Patterns Based on Inverse Polygon Mapping}",
  journal = {\apj},
 keywords = {Cosmology: Gravitational Lensing},
     year = 2006,
    month = dec,
   volume = 653,
    pages = {942-953},
      doi = {10.1086/508796},
   adsurl = {http://adsabs.harvard.edu/abs/2006ApJ...653..942M},
  adsnote = {Provided by the SAO/NASA Astrophysics Data System}
  }
  
@ARTICLE{2007MNRAS.376..263C,
   author = {{Congdon}, A.~B. and {Keeton}, C.~R. and {Osmer}, S.~J.},
    title = "{Microlensing of an extended source by a power-law mass distribution}",
  journal = {\mnras},
   eprint = {astro-ph/0612542},
 keywords = {gravitational lensing, quasars: general, galaxies: structure, dark matter},
     year = 2007,
    month = mar,
   volume = 376,
    pages = {263-272},
      doi = {10.1111/j.1365-2966.2007.11426.x},
   adsurl = {http://adsabs.harvard.edu/abs/2007MNRAS.376..263C},
  adsnote = {Provided by the SAO/NASA Astrophysics Data System}
}


@ARTICLE{2011ApJ...738...96M,
   author = {{Mosquera}, A.~M. and {Kochanek}, C.~S.},
    title = "{The Microlensing Properties of a Sample of 87 Lensed Quasars}",
  journal = {\apj},
archivePrefix = "arXiv",
   eprint = {1104.2356},
 primaryClass = "astro-ph.CO",
 keywords = {accretion, accretion disks, gravitational lensing: micro, quasars: general},
     year = 2011,
    month = sep,
   volume = 738,
      eid = {96},
    pages = {96},
      doi = {10.1088/0004-637X/738/1/96},
   adsurl = {http://adsabs.harvard.edu/abs/2011ApJ...738...96M},
  adsnote = {Provided by the SAO/NASA Astrophysics Data System}
}

@ARTICLE{2011JApA...32..273C,
   author = {{Chen}, Z.-F. and {Qin}, Y.-P. and {Chen}, Z.-Y. and {L{\"u}}, L.-Z.
	},
    title = "{The Size of Narrow Line Region and [OIII] Luminosity Analyzed from SDSS DR7 Quasar Catalogue}",
  journal = {Journal of Astrophysics and Astronomy},
 keywords = {Methods: statistical, galaxies: active, galaxy: fundamental parameters., Methods: statistical{\mdash}galaxies: active{\mdash}galaxy: fundamental parameters.},
     year = 2011,
    month = jun,
   volume = 32,
    pages = {273-276},
      doi = {10.1007/s12036-011-9030-7},
   adsurl = {http://adsabs.harvard.edu/abs/2011JApA...32..273C},
  adsnote = {Provided by the SAO/NASA Astrophysics Data System}
}

@ARTICLE{2006ApJ...646...16Y,
   author = {{Yonehara}, A.},
    title = "{Constraining the Size of the Narrow-Line Region in Distant Quasars}",
  journal = {\apj},
   eprint = {astro-ph/0603802},
 keywords = {Galaxies: Structure, Cosmology: Gravitational Lensing, Galaxies: Quasars: Emission Lines, Galaxies: Quasars: General},
     year = 2006,
    month = jul,
   volume = 646,
    pages = {16-22},
      doi = {10.1086/504824},
   adsurl = {http://adsabs.harvard.edu/abs/2006ApJ...646...16Y},
  adsnote = {Provided by the SAO/NASA Astrophysics Data System}
}

@ARTICLE{2002ApJ...574L.105B,
   author = {{Bennert}, N. and {Falcke}, H. and {Schulz}, H. and {Wilson}, A.~S. and 
	{Wills}, B.~J.},
    title = "{Size and Structure of the Narrow-Line Region of Quasars}",
  journal = {\apjl},
   eprint = {astro-ph/0206334},
 keywords = {Galaxies: Active, Galaxies: Seyfert, Galaxies: Structure, Galaxies: Quasars: Emission Lines, Galaxies: Quasars: General},
     year = 2002,
    month = aug,
   volume = 574,
    pages = {L105-L109},
      doi = {10.1086/342420},
   adsurl = {http://adsabs.harvard.edu/abs/2002ApJ...574L.105B},
  adsnote = {Provided by the SAO/NASA Astrophysics Data System}
}
@ARTICLE{2018MNRAS.473.4339O,
   author = {{Ogiya}, G. and {Hahn}, O.},
    title = "{What sets the central structure of dark matter haloes?}",
  journal = {\mnras},
archivePrefix = "arXiv",
   eprint = {1707.07693},
 keywords = {methods: numerical, dark matter},
     year = 2018,
    month = feb,
   volume = 473,
    pages = {4339-4359},
      doi = {10.1093/mnras/stx2639},
   adsurl = {http://adsabs.harvard.edu/abs/2018MNRAS.473.4339O},
  adsnote = {Provided by the SAO/NASA Astrophysics Data System}
}

@ARTICLE{1997ApJ...490..493N,
   author = {{Navarro}, J.~F. and {Frenk}, C.~S. and {White}, S.~D.~M.},
    title = "{A Universal Density Profile from Hierarchical Clustering}",
  journal = {\apj},
   eprint = {astro-ph/9611107},
 keywords = {Cosmology: Theory, Cosmology: Dark Matter, Galaxies: Halos, Methods: Numerical},
     year = 1997,
    month = dec,
   volume = 490,
    pages = {493-508},
      doi = {10.1086/304888},
   adsurl = {http://adsabs.harvard.edu/abs/1997ApJ...490..493N},
  adsnote = {Provided by the SAO/NASA Astrophysics Data System}
}

@ARTICLE{1996ApJ...462..563N,
   author = {{Navarro}, J.~F. and {Frenk}, C.~S. and {White}, S.~D.~M.},
    title = "{The Structure of Cold Dark Matter Halos}",
  journal = {\apj},
   eprint = {astro-ph/9508025},
 keywords = {COSMOLOGY: THEORY, COSMOLOGY: DARK MATTER, GALAXIES: HALOS, METHODS: NUMERICAL},
     year = 1996,
    month = may,
   volume = 462,
    pages = {563},
      doi = {10.1086/177173},
   adsurl = {http://adsabs.harvard.edu/abs/1996ApJ...462..563N},
  adsnote = {Provided by the SAO/NASA Astrophysics Data System}
}

@ARTICLE{2009ApJ...706.1451M,
   author = {{Mediavilla}, E. and {Mu{\~n}oz}, J.~A. and {Falco}, E. and 
	{Motta}, V. and {Guerras}, E. and {Canovas}, H. and {Jean}, C. and 
	{Oscoz}, A. and {Mosquera}, A.~M.},
    title = "{Microlensing-based Estimate of the Mass Fraction in Compact Objects in Lens Galaxies}",
  journal = {\apj},
archivePrefix = "arXiv",
   eprint = {0910.3645},
 keywords = {dark matter, galaxies: halos, gravitational lensing},
     year = 2009,
    month = dec,
   volume = 706,
    pages = {1451-1462},
      doi = {10.1088/0004-637X/706/2/1451},
   adsurl = {http://adsabs.harvard.edu/abs/2009ApJ...706.1451M},
  adsnote = {Provided by the SAO/NASA Astrophysics Data System}
}

@ARTICLE{2016ApJ...821...56F,
   author = {{Fausnaugh}, M.~M. and {Denney}, K.~D. and {Barth}, A.~J. and 
	{Bentz}, M.~C. and {Bottorff}, M.~C. and {Carini}, M.~T. and 
	{Croxall}, K.~V. and {De Rosa}, G. and {Goad}, M.~R. and {Horne}, K. and 
	{Joner}, M.~D. and {Kaspi}, S. and {Kim}, M. and {Klimanov}, S.~A. and 
	{Kochanek}, C.~S. and {Leonard}, D.~C. and {Netzer}, H. and 
	{Peterson}, B.~M. and {Schn{\"u}lle}, K. and {Sergeev}, S.~G. and 
	{Vestergaard}, M. and {Zheng}, W.-K. and {Zu}, Y. and {Anderson}, M.~D. and 
	{Ar{\'e}valo}, P. and {Bazhaw}, C. and {Borman}, G.~A. and {Boroson}, T.~A. and 
	{Brandt}, W.~N. and {Breeveld}, A.~A. and {Brewer}, B.~J. and 
	{Cackett}, E.~M. and {Crenshaw}, D.~M. and {Dalla Bont{\`a}}, E. and 
	{De Lorenzo-C{\'a}ceres}, A. and {Dietrich}, M. and {Edelson}, R. and 
	{Efimova}, N.~V. and {Ely}, J. and {Evans}, P.~A. and {Filippenko}, A.~V. and 
	{Flatland}, K. and {Gehrels}, N. and {Geier}, S. and {Gelbord}, J.~M. and 
	{Gonzalez}, L. and {Gorjian}, V. and {Grier}, C.~J. and {Grupe}, D. and 
	{Hall}, P.~B. and {Hicks}, S. and {Horenstein}, D. and {Hutchison}, T. and 
	{Im}, M. and {Jensen}, J.~J. and {Jones}, J. and {Kaastra}, J. and 
	{Kelly}, B.~C. and {Kennea}, J.~A. and {Kim}, S.~C. and {Korista}, K.~T. and 
	{Kriss}, G.~A. and {Lee}, J.~C. and {Lira}, P. and {MacInnis}, F. and 
	{Manne-Nicholas}, E.~R. and {Mathur}, S. and {McHardy}, I.~M. and 
	{Montouri}, C. and {Musso}, R. and {Nazarov}, S.~V. and {Norris}, R.~P. and 
	{Nousek}, J.~A. and {Okhmat}, D.~N. and {Pancoast}, A. and {Papadakis}, I. and 
	{Parks}, J.~R. and {Pei}, L. and {Pogge}, R.~W. and {Pott}, J.-U. and 
	{Rafter}, S.~E. and {Rix}, H.-W. and {Saylor}, D.~A. and {Schimoia}, J.~S. and 
	{Siegel}, M. and {Spencer}, M. and {Starkey}, D. and {Sung}, H.-I. and 
	{Teems}, K.~G. and {Treu}, T. and {Turner}, C.~S. and {Uttley}, P. and 
	{Villforth}, C. and {Weiss}, Y. and {Woo}, J.-H. and {Yan}, H. and 
	{Young}, S.},
    title = "{Space Telescope and Optical Reverberation Mapping Project. III. Optical Continuum Emission and Broadband Time Delays in NGC 5548}",
  journal = {\apj},
archivePrefix = "arXiv",
   eprint = {1510.05648},
 keywords = {galaxies: active, galaxies: individual: NGC 5548, galaxies: nuclei, galaxies: Seyfert},
     year = 2016,
    month = apr,
   volume = 821,
      eid = {56},
    pages = {56},
      doi = {10.3847/0004-637X/821/1/56},
   adsurl = {http://adsabs.harvard.edu/abs/2016ApJ...821...56F},
  adsnote = {Provided by the SAO/NASA Astrophysics Data System}
}

@INPROCEEDINGS{1999AAS...195.4802B,
   author = {{Becker}, A.~C. and {Alcock}, C. and {Allsman}, R.~A. and {Alves}, D. and 
	{Axelrod}, T.~S. and {Bennett}, D.~P. and {Cook}, K.~H. and 
	{Drake}, A.~J. and {Freeman}, K.~C. and {Geha}, M. and {Griest}, K. and 
	{Lehner}, M.~J. and {Marshall}, S.~L. and {Minniti}, D. and 
	{Nelson}, C.~A. and {Peterson}, B.~A. and {Popowski}, P. and 
	{Pratt}, M.~R. and {Quinn}, P.~J. and {Rodgers}, A.~W. and {Stubbs}, C.~W. and 
	{Sutherland}, W. and {Tomaney}, A.~B. and {Vandehei}, T. and 
	{Welch}, D.~L. and {MACHO Collaboration}},
    title = "{The MACHO Project: Microlensing Results from 5.7 Years of LMC Observations}",
booktitle = {American Astronomical Society Meeting Abstracts},
     year = 1999,
   series = {Bulletin of the American Astronomical Society},
   volume = 31,
    month = dec,
      eid = {48.02},
    pages = {1444},
   adsurl = {http://adsabs.harvard.edu/abs/1999AAS...195.4802B},
  adsnote = {Provided by the SAO/NASA Astrophysics Data System}
}

@ARTICLE{2017PhRvD..96h3524P,
   author = {{Poulin}, V. and {Serpico}, P.~D. and {Calore}, F. and {Clesse}, S. and 
	{Kohri}, K.},
    title = "{CMB bounds on disk-accreting massive primordial black holes}",
  journal = {\prd},
archivePrefix = "arXiv",
   eprint = {1707.04206},
     year = 2017,
    month = oct,
   volume = 96,
   number = 8,
      eid = {083524},
    pages = {083524},
      doi = {10.1103/PhysRevD.96.083524},
   adsurl = {http://adsabs.harvard.edu/abs/2017PhRvD..96h3524P},
  adsnote = {Provided by the SAO/NASA Astrophysics Data System}
}

@ARTICLE{2017arXiv171006945N,
   author = {{Nakama}, T. and {Carr}, B. and {Silk}, J.},
    title = "{Limits on primordial black holes from $\mu$ distortions in cosmic microwave background}",
  journal = {ArXiv e-prints},
archivePrefix = "arXiv",
   eprint = {1710.06945},
 keywords = {Astrophysics - Cosmology and Nongalactic Astrophysics, General Relativity and Quantum Cosmology},
     year = 2017,
    month = oct,
   adsurl = {http://adsabs.harvard.edu/abs/2017arXiv171006945N},
  adsnote = {Provided by the SAO/NASA Astrophysics Data System}
}

@ARTICLE{1987A&A...171...49S,
   author = {{Schneider}, P. and {Weiss}, A.},
    title = "{A gravitational lens origin for AGN-variability? Consequences of micro-lensing}",
  journal = {\aap},
 keywords = {Active Galactic Nuclei, Astronomical Models, Gravitational Lenses, Light Curve, Quasars, Star Distribution, Optical Thickness, Radiant Flux Density, Wave Amplification},
     year = 1987,
    month = jan,
   volume = 171,
    pages = {49-65},
   adsurl = {http://adsabs.harvard.edu/abs/1987A%26A...171...49S},
  adsnote = {Provided by the SAO/NASA Astrophysics Data System}
}

@ARTICLE{2015ApJ...806..251J,
   author = {{Jim{\'e}nez-Vicente}, J. and {Mediavilla}, E. and {Kochanek}, C.~S. and 
	{Mu{\~n}oz}, J.~A.},
    title = "{Probing the Dark Matter Radial Profile in Lens Galaxies and the Size of X-Ray Emitting Region in Quasars with Microlensing}",
  journal = {\apj},
archivePrefix = "arXiv",
   eprint = {1502.00394},
 keywords = {accretion, accretion disks, galaxies: stellar content, gravitational lensing: micro, quasars: general},
     year = 2015,
    month = jun,
   volume = 806,
      eid = {251},
    pages = {251},
      doi = {10.1088/0004-637X/806/2/251},
   adsurl = {http://adsabs.harvard.edu/abs/2015ApJ...806..251J},
  adsnote = {Provided by the SAO/NASA Astrophysics Data System}
}

@ARTICLE{2015ApJ...799..149J,
   author = {{Jim{\'e}nez-Vicente}, J. and {Mediavilla}, E. and {Kochanek}, C.~S. and 
	{Mu{\~n}oz}, J.~A.},
    title = "{Dark Matter Mass Fraction in Lens Galaxies: New Estimates from Microlensing}",
  journal = {\apj},
archivePrefix = "arXiv",
   eprint = {1407.3955},
 keywords = {gravitational lensing: micro, quasars: emission lines},
     year = 2015,
    month = feb,
   volume = 799,
      eid = {149},
    pages = {149},
      doi = {10.1088/0004-637X/799/2/149},
   adsurl = {http://adsabs.harvard.edu/abs/2015ApJ...799..149J},
  adsnote = {Provided by the SAO/NASA Astrophysics Data System}
}

@BOOK{2011piim.book.....D,
   author = {{Draine}, B.~T.},
    title = "{Physics of the Interstellar and Intergalactic Medium}",
booktitle = {Physics of the Interstellar and Intergalactic Medium by Bruce T.~Draine.~Princeton University Press, 2011.~ISBN: 978-0-691-12214-4},
     year = 2011,
   adsurl = {http://adsabs.harvard.edu/abs/2011piim.book.....D},
  adsnote = {Provided by the SAO/NASA Astrophysics Data System}
}

@ARTICLE{2005ApJ...628..594M,
   author = {{Mortonson}, M.~J. and {Schechter}, P.~L. and {Wambsganss}, J.
	},
    title = "{Size Is Everything: Universal Features of Quasar Microlensing with Extended Sources}",
  journal = {\apj},
   eprint = {astro-ph/0408195},
 keywords = {Accretion, Accretion Disks, Cosmology: Gravitational Lensing, Galaxies: Quasars: General},
     year = 2005,
    month = aug,
   volume = 628,
    pages = {594-603},
      doi = {10.1086/431195},
   adsurl = {http://adsabs.harvard.edu/abs/2005ApJ...628..594M},
  adsnote = {Provided by the SAO/NASA Astrophysics Data System}
}

@ARTICLE{2017arXiv170504861E,
   author = {{Ezquiaga}, J.~M. and {Garcia-Bellido}, J. and {Ruiz Morales}, E.
	},
    title = "{Primordial Black Hole production in Critical Higgs Inflation}",
  journal = {ArXiv e-prints},
archivePrefix = "arXiv",
   eprint = {1705.04861},
 keywords = {Astrophysics - Cosmology and Nongalactic Astrophysics, General Relativity and Quantum Cosmology, High Energy Physics - Phenomenology, High Energy Physics - Theory},
     year = 2017,
    month = may,
   adsurl = {http://adsabs.harvard.edu/abs/2017arXiv170504861E},
  adsnote = {Provided by the SAO/NASA Astrophysics Data System}
}

@ARTICLE{2018MNRAS.tmp...76S,
   author = {{Smith}, G.~P. and {Jauzac}, M. and {Veitch}, J. and {Farr}, W.~M. and 
	{Massey}, R. and {Richard}, J.},
    title = "{What if LIGO's gravitational wave detections are strongly lensed by massive galaxy clusters?}",
  journal = {\mnras},
 keywords = {galaxies: clusters: individual 1E0657-558, MACS J0140.0-0555, MACS J1311.0-0311, RCS0224-0002, gravitational lensing: strong, gravitational waves},
     year = 2018,
    month = jan,
      doi = {10.1093/mnras/sty031},
   adsurl = {http://adsabs.harvard.edu/abs/2018MNRAS.tmp...76S},
  adsnote = {Provided by the SAO/NASA Astrophysics Data System}
}

@ARTICLE{2017PDU....18..105C,
   author = {{Clesse}, S. and {Garc{\'{\i}}a-Bellido}, J.},
    title = "{Detecting the gravitational wave background from primordial black hole dark matter}",
  journal = {Physics of the Dark Universe},
archivePrefix = "arXiv",
   eprint = {1610.08479},
 keywords = {Primordial black hole, Dark matter, Gravitational wave, LISA, Pulsar timing arrays},
     year = 2017,
    month = dec,
   volume = 18,
    pages = {105-114},
      doi = {10.1016/j.dark.2017.10.001},
   adsurl = {http://adsabs.harvard.edu/abs/2017PDU....18..105C},
  adsnote = {Provided by the SAO/NASA Astrophysics Data System}
}

@ARTICLE{2017arXiv171201396J,
   author = {{Jung}, S. and {Shin}, C.~S.},
    title = "{Gravitational-Wave Lensing Fringes by Compact Dark Matter at LIGO}",
  journal = {ArXiv e-prints},
archivePrefix = "arXiv",
   eprint = {1712.01396},
 keywords = {Astrophysics - Cosmology and Nongalactic Astrophysics, General Relativity and Quantum Cosmology, High Energy Physics - Phenomenology},
     year = 2017,
    month = dec,
   adsurl = {http://adsabs.harvard.edu/abs/2017arXiv171201396J},
  adsnote = {Provided by the SAO/NASA Astrophysics Data System}
}

@ARTICLE{2017arXiv171110458C,
   author = {{Clesse}, S. and {Garc{\'{\i}}a-Bellido}, J.},
    title = "{Seven Hints for Primordial Black Hole Dark Matter}",
  journal = {ArXiv e-prints},
archivePrefix = "arXiv",
   eprint = {1711.10458},
 keywords = {Astrophysics - Cosmology and Nongalactic Astrophysics, Astrophysics - Astrophysics of Galaxies, General Relativity and Quantum Cosmology, High Energy Physics - Theory},
     year = 2017,
    month = nov,
   adsurl = {http://adsabs.harvard.edu/abs/2017arXiv171110458C},
  adsnote = {Provided by the SAO/NASA Astrophysics Data System}
}

@ARTICLE{2017arXiv170703412S,
   author = {{Smith}, G.~P. and {Jauzac}, M. and {Veitch}, J. and {Farr}, W.~M. and 
	{Massey}, R. and {Richard}, J.},
    title = "{What if LIGO's gravitational wave detections are strongly lensed by massive galaxy clusters?}",
  journal = {ArXiv e-prints},
archivePrefix = "arXiv",
   eprint = {1707.03412},
 primaryClass = "astro-ph.HE",
 keywords = {Astrophysics - High Energy Astrophysical Phenomena, Astrophysics - Cosmology and Nongalactic Astrophysics, Astrophysics - Astrophysics of Galaxies},
     year = 2017,
    month = jul,
   adsurl = {http://adsabs.harvard.edu/abs/2017arXiv170703412S},
  adsnote = {Provided by the SAO/NASA Astrophysics Data System}
}

@INPROCEEDINGS{2017JPhCS.840a2032G,
   author = {{Garc{\'{\i}}a-Bellido}, J.},
    title = "{Massive Primordial Black Holes as Dark Matter and their detection with Gravitational Waves}",
booktitle = {Journal of Physics Conference Series},
     year = 2017,
   series = {Journal of Physics Conference Series},
   volume = 840,
archivePrefix = "arXiv",
   eprint = {1702.08275},
    month = may,
      eid = {012032},
    pages = {012032},
      doi = {10.1088/1742-6596/840/1/012032},
   adsurl = {http://adsabs.harvard.edu/abs/2017JPhCS.840a2032G},
  adsnote = {Provided by the SAO/NASA Astrophysics Data System}
}

@ARTICLE{2017PhRvD..95d4011D,
   author = {{Dai}, L. and {Venumadhav}, T. and {Sigurdson}, K.},
    title = "{Effect of lensing magnification on the apparent distribution of black hole mergers}",
  journal = {\prd},
archivePrefix = "arXiv",
   eprint = {1605.09398},
     year = 2017,
    month = feb,
   volume = 95,
   number = 4,
      eid = {044011},
    pages = {044011},
      doi = {10.1103/PhysRevD.95.044011},
   adsurl = {http://adsabs.harvard.edu/abs/2017PhRvD..95d4011D},
  adsnote = {Provided by the SAO/NASA Astrophysics Data System}
}

@ARTICLE{2018MNRAS.474.4997C,
   author = {{Cao}, L. and {Lu}, Y. and {Zhao}, Y.},
    title = "{Host galaxy properties of mergers of stellar binary black holes and their implications for advanced LIGO gravitational wave sources}",
  journal = {\mnras},
archivePrefix = "arXiv",
   eprint = {1711.09190},
 keywords = {black hole physics, gravitational waves, galaxies: abundance, galaxies: statistics},
     year = 2018,
    month = mar,
   volume = 474,
    pages = {4997-5007},
      doi = {10.1093/mnras/stx3087},
   adsurl = {http://adsabs.harvard.edu/abs/2018MNRAS.474.4997C},
  adsnote = {Provided by the SAO/NASA Astrophysics Data System}
}

@ARTICLE{2018MNRAS.473.1186E,
   author = {{Elbert}, O.~D. and {Bullock}, J.~S. and {Kaplinghat}, M.},
    title = "{Counting black holes: The cosmic stellar remnant population and implications for LIGO}",
  journal = {\mnras},
archivePrefix = "arXiv",
   eprint = {1703.02551},
 keywords = {binaries: general, galaxies: statistics},
     year = 2018,
    month = jan,
   volume = 473,
    pages = {1186-1194},
      doi = {10.1093/mnras/stx1959},
   adsurl = {http://adsabs.harvard.edu/abs/2018MNRAS.473.1186E},
  adsnote = {Provided by the SAO/NASA Astrophysics Data System}
}

@ARTICLE{2017ApJ...851L..35A,
   author = {{Abbott}, B.~P. and {Abbott}, R. and {Abbott}, T.~D. and {Acernese}, F. and 
	{Ackley}, K. and {Adams}, C. and {Adams}, T. and {Addesso}, P. and 
	{Adhikari}, R.~X. and {Adya}, V.~B. and et al.},
    title = "{GW170608: Observation of a 19 Solar-mass Binary Black Hole Coalescence}",
  journal = {\apjl},
archivePrefix = "arXiv",
   eprint = {1711.05578},
 primaryClass = "astro-ph.HE",
 keywords = {binaries: general, gravitational waves, stars: black holes },
     year = 2017,
    month = dec,
   volume = 851,
      eid = {L35},
    pages = {L35},
      doi = {10.3847/2041-8213/aa9f0c},
   adsurl = {http://adsabs.harvard.edu/abs/2017ApJ...851L..35A},
  adsnote = {Provided by the SAO/NASA Astrophysics Data System}
}

@ARTICLE{2016PhRvL.116f1102A,
   author = {{Abbott}, B.~P. and {Abbott}, R. and {Abbott}, T.~D. and {Abernathy}, M.~R. and 
	{Acernese}, F. and {Ackley}, K. and {Adams}, C. and {Adams}, T. and 
	{Addesso}, P. and {Adhikari}, R.~X. and et al.},
    title = "{Observation of Gravitational Waves from a Binary Black Hole Merger}",
  journal = {Physical Review Letters},
archivePrefix = "arXiv",
   eprint = {1602.03837},
 primaryClass = "gr-qc",
     year = 2016,
    month = feb,
   volume = 116,
   number = 6,
      eid = {061102},
    pages = {061102},
      doi = {10.1103/PhysRevLett.116.061102},
   adsurl = {http://adsabs.harvard.edu/abs/2016PhRvL.116f1102A},
  adsnote = {Provided by the SAO/NASA Astrophysics Data System}
}


@ARTICLE{2017PhRvL.119n1101A,
   author = {{Abbott}, B.~P. and {Abbott}, R. and {Abbott}, T.~D. and {Acernese}, F. and 
	{Ackley}, K. and {Adams}, C. and {Adams}, T. and {Addesso}, P. and 
	{Adhikari}, R.~X. and {Adya}, V.~B. and et al.},
    title = "{GW170814: A Three-Detector Observation of Gravitational Waves from a Binary Black Hole Coalescence}",
  journal = {Physical Review Letters},
archivePrefix = "arXiv",
   eprint = {1709.09660},
 primaryClass = "gr-qc",
     year = 2017,
    month = oct,
   volume = 119,
   number = 14,
      eid = {141101},
    pages = {141101},
      doi = {10.1103/PhysRevLett.119.141101},
   adsurl = {http://adsabs.harvard.edu/abs/2017PhRvL.119n1101A},
  adsnote = {Provided by the SAO/NASA Astrophysics Data System}
}

@ARTICLE{2016PhRvL.116x1103A,
   author = {{Abbott}, B.~P. and {Abbott}, R. and {Abbott}, T.~D. and {Abernathy}, M.~R. and 
	{Acernese}, F. and {Ackley}, K. and {Adams}, C. and {Adams}, T. and 
	{Addesso}, P. and {Adhikari}, R.~X. and et al.},
    title = "{GW151226: Observation of Gravitational Waves from a 22-Solar-Mass Binary Black Hole Coalescence}",
  journal = {Physical Review Letters},
archivePrefix = "arXiv",
   eprint = {1606.04855},
 primaryClass = "gr-qc",
     year = 2016,
    month = jun,
   volume = 116,
   number = 24,
      eid = {241103},
    pages = {241103},
      doi = {10.1103/PhysRevLett.116.241103},
   adsurl = {http://adsabs.harvard.edu/abs/2016PhRvL.116x1103A},
  adsnote = {Provided by the SAO/NASA Astrophysics Data System}
}

@ARTICLE{2017PhRvL.118v1101A,
   author = {{Abbott}, B.~P. and {Abbott}, R. and {Abbott}, T.~D. and {Acernese}, F. and 
	{Ackley}, K. and {Adams}, C. and {Adams}, T. and {Addesso}, P. and 
	{Adhikari}, R.~X. and {Adya}, V.~B. and et al.},
    title = "{GW170104: Observation of a 50-Solar-Mass Binary Black Hole Coalescence at Redshift 0.2}",
  journal = {Physical Review Letters},
archivePrefix = "arXiv",
   eprint = {1706.01812},
 primaryClass = "gr-qc",
     year = 2017,
    month = jun,
   volume = 118,
   number = 22,
      eid = {221101},
    pages = {221101},
      doi = {10.1103/PhysRevLett.118.221101},
   adsurl = {http://adsabs.harvard.edu/abs/2017PhRvL.118v1101A},
  adsnote = {Provided by the SAO/NASA Astrophysics Data System}
}

@ARTICLE{1962AJ.....67..471K,
   author = {{King}, I.},
    title = "{The structure of star clusters. I. an empirical density law}",
  journal = {\aj},
     year = 1962,
    month = oct,
   volume = 67,
    pages = {471},
      doi = {10.1086/108756},
   adsurl = {http://cdsads.u-strasbg.fr/abs/1962AJ.....67..471K},
  adsnote = {Provided by the SAO/NASA Astrophysics Data System}
}

@ARTICLE{2016A&A...594A..13P,
   author = {{Planck Collaboration} and {Ade}, P.~A.~R. and {Aghanim}, N. and 
	{Arnaud}, M. and {Ashdown}, M. and {Aumont}, J. and {Baccigalupi}, C. and 
	{Banday}, A.~J. and {Barreiro}, R.~B. and {Bartlett}, J.~G. and et al.},
    title = "{Planck 2015 results. XIII. Cosmological parameters}",
  journal = {\aap},
archivePrefix = "arXiv",
   eprint = {1502.01589},
 keywords = {cosmology: observations, cosmology: theory, cosmic background radiation, cosmological parameters},
     year = 2016,
    month = sep,
   volume = 594,
      eid = {A13},
    pages = {A13},
      doi = {10.1051/0004-6361/201525830},
   adsurl = {http://adsabs.harvard.edu/abs/2016A%26A...594A..13P},
  adsnote = {Provided by the SAO/NASA Astrophysics Data System}
}

@ARTICLE{1987MPARp.311.....S,
   author = {{Schneider}, P. and {Weiss}, A.},
    title = "{Light propagation in inhomogeneous universes: the ray-shooting method.}",
  journal = {Max Planck Institut fur Astrophysik Report},
 keywords = {Cosmology:Gravitational Lenses, Gravitational Lenses:Cosmology},
     year = 1987,
   volume = 311,
   adsurl = {http://adsabs.harvard.edu/abs/1987MPARp.311.....S},
  adsnote = {Provided by the SAO/NASA Astrophysics Data System}
}
